<?xml version="1.0" encoding="UTF-8"?><collection xmlns="http://www.loc.gov/MARC21/slim"><record><leader>00587nam--2200181-i-4500</leader><controlfield tag="001">000023925</controlfield><controlfield tag="002">20161230</controlfield><controlfield tag="005">20161230201035</controlfield><controlfield tag="008">060222s1000------------r-----000-0-fre-d</controlfield><datafield ind1=" " ind2=" " tag="040"><subfield code="a">IFIN-HH</subfield></datafield><datafield ind1=" " ind2=" " tag="041"><subfield code="a">fre</subfield></datafield><datafield ind1=" " ind2=" " tag="080"><subfield code="a">539.14:539.122:530.145.61:531.314(043)</subfield></datafield><datafield ind1="1" ind2=" " tag="100"><subfield code="a">Silvestre-brac, Bernard</subfield></datafield><datafield ind1="1" ind2="0" tag="245"><subfield code="a">Quelques utilisations des pjotons comme entites de base dans la construction des etats nucleaires</subfield><subfield code="b">These</subfield><subfield code="c">Bernard silvestre-brac</subfield></datafield><datafield ind1=" " ind2=" " tag="260"><subfield code="a">Grenoble</subfield><subfield code="b">Institut Des Sciences Nucleaires</subfield><subfield code="c">1979</subfield></datafield><datafield ind1=" " ind2=" " tag="300"><subfield code="a">308P</subfield></datafield><datafield ind1=" " ind2=" " tag="852"><subfield code="a">49852</subfield><subfield code="c">539.14</subfield></datafield><datafield ind1=" " ind2=" " tag="CAT"><subfield code="a">Sys</subfield><subfield code="c">20120404</subfield><subfield code="h">122254</subfield></datafield></record></collection>